<record><leader>00000cas a22000007a 4500</leader><controlfield tag="001">20751050</controlfield><controlfield tag="008">891208d19101915pr dn ne      0    0spa d</controlfield><datafield ind1=" " ind2=" " tag="010"><subfield code="a">sn 89078334 </subfield></datafield><datafield ind1=" " ind2=" " tag="040"><subfield code="a">PNN</subfield><subfield code="b">eng</subfield><subfield code="c">PNN</subfield><subfield code="d">OCLCQ</subfield></datafield><datafield ind1=" " ind2=" " tag="042"><subfield code="a">msc</subfield></datafield><datafield ind1="0" ind2=" " tag="130"><subfield code="a">Tribuna (Mayagu&#776;ez, P.R. : 1910)</subfield></datafield><datafield ind1="1" ind2="3" tag="245"><subfield code="a">La tribuna.</subfield></datafield><datafield ind1=" " ind2=" " tag="260"><subfield code="a">Mayagu&#776;ez, P.R. :</subfield><subfield code="b">Ferna&#769;ndez and Lacourt</subfield></datafield><datafield ind1=" " ind2=" " tag="300"><subfield code="a">v.</subfield></datafield><datafield ind1=" " ind2=" " tag="310"><subfield code="a">Daily (except Sunday)</subfield></datafield><datafield ind1="1" ind2=" " tag="362"><subfield code="a">Began in 1910; ceased in 1915?</subfield></datafield><datafield ind1=" " ind2=" " tag="500"><subfield code="a">"Diario defensor de los intereses generales del pai&#769;s."</subfield></datafield><datafield ind1=" " ind2=" " tag="588"><subfield code="a">Description based on: An&#771;o 1, nu&#769;m. 52 (4 de jun. de 1910).</subfield></datafield><datafield ind1=" " ind2=" " tag="752"><subfield code="a">United States</subfield><subfield code="b">Puerto Rico</subfield><subfield code="d">Mayagu&#776;ez.</subfield></datafield></record>